@article{weng2018VAE,
  title   = "From Autoencoder to Beta-VAE",
  author  = "Weng, Lilian",
  journal = "lilianweng.github.io/lil-log",
  year    = "2018",
  url     = "http://lilianweng.github.io/lil-log/2018/08/12/from-autoencoder-to-beta-vae.html"
}

@article{kingma2013auto,
  title={Auto-encoding variational bayes},
  author={Kingma, Diederik P and Welling, Max},
  journal={arXiv preprint arXiv:1312.6114},
  year={2013}
}

@article{higgins2016beta,
  title={beta-vae: Learning basic visual concepts with a constrained variational framework},
  author={Higgins, Irina and Matthey, Loic and Pal, Arka and Burgess, Christopher and Glorot, Xavier and Botvinick, Matthew and Mohamed, Shakir and Lerchner, Alexander},
  year={2016}
}

@article{burgess2018understanding,
  title={Understanding disentangling in $\beta$-VAE},
  author={Burgess, Christopher P and Higgins, Irina and Pal, Arka and Matthey, Loic and Watters, Nick and Desjardins, Guillaume and Lerchner, Alexander},
  journal={arXiv preprint arXiv:1804.03599},
  year={2018}
}

@article{doersch2016tutorial,
  title={Tutorial on variational autoencoders},
  author={Doersch, Carl},
  journal={arXiv preprint arXiv:1606.05908},
  year={2016}
}

@article{bengio2012representation,
  title={Representation Learning: A Review and New Perspectives. ArXiv e-prints},
  author={Bengio, Yoshua and Courville, Aaron and Vincent, Pascal},
  journal={arXiv preprint arXiv:1206.5538},
  year={2012}
}

@misc{blei2011,
  author       = {Blei, David},
  title        = {Variatonal Inference},
  howpublished = {Lecture notes for COS597c},
  year         = {2011},
  url          = {https://www.cs.princeton.edu/courses/archive/fall11/cos597C/lectures/variational-inference-i.pdf},
}

@online{jordanVae,
  url = {https://www.jeremyjordan.me/variational-autoencoders/},
  title = {Variational autoencoders},
  author = {Jordan, Jeremy},
  year = {2018},
}

@online{jang2016meanfield,
  url = {https://blog.evjang.com/2016/08/variational-bayes.html},
  title = {A Beginner's Guide to Variational Methods: Mean-Field Approximation},
  author = {Eric Jang},
  year = {2016},
}

@online{jaanTutorial,
  author = {Altosaar, Jaan},
  title = {Tutorial - What is a variational autoencoder?},
  author = {https://jaan.io/what-is-variational-autoencoder-vae-tutorial/},
  year = {2016},
  
}

@inproceedings{cohen2017emnist,
  title={EMNIST: Extending MNIST to handwritten letters},
  author={Cohen, Gregory and Afshar, Saeed and Tapson, Jonathan and Van Schaik, Andre},
  booktitle={2017 International Joint Conference on Neural Networks (IJCNN)},
  pages={2921--2926},
  year={2017},
  organization={IEEE}
}